<?xml version="1.0" encoding="UTF-8"?><record xmlns="http://www.loc.gov/MARC21/slim" xmlns:cinclude="http://apache.org/cocoon/include/1.0" xmlns:zs="http://www.loc.gov/zing/srw/">
  <leader>00550nz  a2200145n  4500</leader>
  <controlfield tag="001">no 00027047 </controlfield>
  <controlfield tag="003">DLC</controlfield>
  <controlfield tag="005">20000419064017.0</controlfield>
  <controlfield tag="008">000418n| acannaabn          |a aaa     c</controlfield>
  <datafield tag="010" ind1=" " ind2=" ">
    <subfield code="a">no 00027047 </subfield>
  </datafield>
  <datafield tag="035" ind1=" " ind2=" ">
    <subfield code="a">(OCoLC)oca05200069</subfield>
  </datafield>
  <datafield tag="040" ind1=" " ind2=" ">
    <subfield code="a">BrSU</subfield>
    <subfield code="b">eng</subfield>
    <subfield code="c">BrSU</subfield>
  </datafield>
  <datafield tag="100" ind1="1" ind2="0">
    <subfield code="a">Abrahão Neto, José</subfield>
  </datafield>
  <datafield tag="400" ind1="1" ind2="0">
    <subfield code="a">Neto, José Abrahão</subfield>
  </datafield>
  <datafield tag="670" ind1=" " ind2=" ">
    <subfield code="a">Sinais metabólicos e o controle da expressão de celobiohidrolase..., 1991:</subfield>
    <subfield code="b">t.p. (José Abrahão Neto; tese de doutorado, Departamento de Bioquímica, Instituto de Química, Universidade de São Paulo)</subfield>
  </datafield>
</record>